@book{hutton_2018, place={Cambridge}, title={Programming in Haskell}, publisher={Cambridge University Press}, author={Hutton, Graham}} 
@misc{haskell, howpublished={\url{https://www.haskell.org/}}, title={Haskell Language}, year ={2021}, month=jun} 
@misc{agda, howpublished={\url{https://github.com/agda/agda}}, publisher = {Github}, title={Agda}, year ={2021}, month=jun} 
@misc{agda2hs, howpublished={\url{https://github.com/agda/agda2hs}}, publisher = {Github}, title={Agda2hs}, year ={2021}, month=jun} 
@misc{quadtree, howpublished={\url{https://hackage.haskell.org/package/QuadTree-0.11.0}}, publisher = {Haskell Hackage}, title={QuadTree}, author={Moni, Ashley}, year ={2021}, month=jun}
@misc{lens, howpublished={\url{https://github.com/ekmett/lens/wiki/Overview}}, publisher = {Github}, title={Lens Wiki}, author={Kmett, Edward}, year ={2021}, month=jun}
@misc{chc, howpublished={\url{https://www.cs.cornell.edu/courses/cs3110/2021sp/textbook/adv/curry-howard.html}}, title={Curry-Howard correspondence}, year ={2021}, month=jun} 
@article{schwaab, title={Modular type-safety proofs in Agda}, DOI={10.1145/2428116.2428120}, journal={Proceedings of the 7th workshop on Programming languages meets program verification - PLPV '13}, author={Schwaab, Christopher and Siek, Jeremy G.}, year={2013}} 
@article{van, title={Engineering Proof by Reflection in Agda}, DOI={10.1007/978-3-642-41582-1_10}, journal={Implementation and Application of Functional Languages}, author={van der Walt, Paul and Swierstra, Wouter}, year={2013}, pages={157-173}} 

@Article{Finkel1974,
author={Finkel, R. A.
and Bentley, J. L.},
title={Quad trees a data structure for retrieval on composite keys},
journal={Acta Informatica},
year={1974},
month={Mar},
day={01},
volume={4},
number={1},
pages={1-9},
issn={1432-0525},
doi={10.1007/BF00288933},
howpublished={https://doi.org/10.1007/BF00288933}
}

@misc{laarhovenlens, 
author={Twan van Laarhoven},
title={CPS based functional references},
year={2009},
month={Jul},
day={19},
howpublished={\url{https://www.twanvl.nl/blog/haskell/cps-functional-references}}
}

@article{meyer_1992, title={Applying design by contract}, volume={25}, DOI={10.1109/2.161279}, number={10}, journal={Computer}, author={Meyer, B.}, year={1992}, pages={40â€“51}}

@article{BREITNER2021,
	doi = {10.1017/s0956796820000283},
	url = {https://doi.org/10.1017/s0956796820000283},
	year = {2021},
	publisher = {Cambridge University Press ({CUP})},
	volume = {31},
	author = {Joachim Breitnet and Antal Spector-Zabusky and Yao Li and Christine Rizkallah and John Wiegley and Joshua Cohen and Stephanie Weirich},
	title = {Ready, Set, Verify! Applying hs-to-coq to real-world Haskell code},
	journal = {Journal of Functional Programming}
}
